<record xmlns="http://www.loc.gov/MARC21/slim" xmlns:xsi="http://www.w3.org/2001/XMLSchema-instance" xsi:schemaLocation="http://www.loc.gov/MARC21/slim http://www.loc.gov/standards/marcxml/schema/MARC21slim.xsd"><leader>01469nam a2200301   4500</leader><controlfield tag="001">002823546</controlfield><controlfield tag="003">NNU</controlfield><controlfield tag="006">m        d        </controlfield><controlfield tag="007">cr cn |||m|||a</controlfield><controlfield tag="008">150223s1961    sy a    o     000 0 arard</controlfield><datafield ind1=" " ind2=" " tag="040"><subfield code="a">NNU</subfield><subfield code="b">eng</subfield><subfield code="c">NNU</subfield></datafield><datafield ind1="1" ind2=" " tag="100"><subfield code="6">880-01</subfield><subfield code="a">Ab&#363; Shanab, &#699;&#256;dil</subfield></datafield><datafield ind1="1" ind2="0" tag="245"><subfield code="6">880-02</subfield><subfield code="a">Zahrah istiwa&#772;&#700;i&#772;yah fi&#772; al-qut&#803;b</subfield><subfield code="h">[electronic resource] /</subfield><subfield code="c">[ta&#700;li&#772;f] &#699;A&#772;dil Abu&#772; Shanab.</subfield></datafield><datafield ind1=" " ind2=" " tag="250"><subfield code="6">880-03</subfield><subfield code="a">[al-T&#803;ab&#699;ah al-u&#772;la&#769;].</subfield></datafield><datafield ind1=" " ind2=" " tag="260"><subfield code="6">880-04</subfield><subfield code="a">[Dimashq,</subfield><subfield code="b">Manshu&#772;ra&#772;t al-Fann al-H&#803;adi&#772;th al-&#699;A&#772;lami&#772;,</subfield><subfield code="c">1961]</subfield></datafield><datafield ind1=" " ind2=" " tag="300"><subfield code="a">online resource (116 p) :</subfield><subfield code="b">ill.</subfield></datafield><datafield ind1=" " ind2=" " tag="500"><subfield code="a">Part of the Arabic Collections Online (ACO) project, contributed by New York Univeristy Libraries.</subfield></datafield><datafield ind1=" " ind2=" " tag="533"><subfield code="a">Electronic reproduction.</subfield><subfield code="b">New York, N.Y. :</subfield><subfield code="c">New York University,</subfield><subfield code="d">2015.</subfield><subfield code="5">NNU</subfield></datafield><datafield ind1="2" ind2=" " tag="710"><subfield code="a">New York University.</subfield><subfield code="b">Libraries.</subfield></datafield><datafield ind1="0" ind2=" " tag="730"><subfield code="a">Arabic Collections Online.</subfield></datafield><datafield ind1="0" ind2="8" tag="776"><subfield code="i">Print version:</subfield><subfield code="a">Ab&#363; Shanab, &#699;&#256;dil 880-01</subfield><subfield code="t">Zahrah istiwa&#772;&#700;i&#772;yah fi&#772; al-qut&#803;b</subfield><subfield code="w">(NNU)002823546</subfield><subfield code="w">(DLC)ne 65000510</subfield></datafield><datafield ind1="4" ind2="0" tag="856"><subfield code="u">http://hdl.handle.net/2333.1/qjq2bxkp</subfield></datafield><datafield ind1="1" ind2=" " tag="880"><subfield code="6">100-01/</subfield><subfield code="a">&#1575;&#1576;&#1608; &#1588;&#1606;&#1576;&#1548; &#1593;&#1575;&#1583;&#1604;.</subfield></datafield><datafield ind1="1" ind2="0" tag="880"><subfield code="6">245-02/</subfield><subfield code="a">&#1586;&#1607;&#1585;&#1577; &#1575;&#1587;&#1578;&#1608;&#1575;&#1574;&#1610;&#1577; &#1601;&#1610; &#1575;&#1604;&#1602;&#1591;&#1576; /</subfield><subfield code="c">[&#1578;&#1571;&#1604;&#1610;&#1601;] &#1593;&#1575;&#1583;&#1604; &#1575;&#1576;&#1608; &#1588;&#1606;&#1576;.</subfield></datafield><datafield ind1=" " ind2=" " tag="880"><subfield code="6">250-03/</subfield><subfield code="a">[&#1575;&#1604;&#1591;&#1576;&#1593;&#1577; &#1575;&#1604;&#1571;&#1608;&#1604;&#1609;].</subfield></datafield><datafield ind1=" " ind2=" " tag="880"><subfield code="6">260-04/</subfield><subfield code="a">[&#1583;&#1605;&#1588;&#1602;&#1548;</subfield><subfield code="b">&#1605;&#1606;&#1588;&#1608;&#1585;&#1575;&#1578; &#1575;&#1604;&#1601;&#1606; &#1575;&#1604;&#1581;&#1583;&#1610;&#1579; &#1575;&#1604;&#1593;&#1575;&#1604;&#1605;&#1610;&#1548;</subfield><subfield code="c">1961]</subfield></datafield><datafield ind1=" " ind2=" " tag="959"><subfield code="a">NNU</subfield><subfield code="b">WEB</subfield><subfield code="c">GENI</subfield><subfield code="t">0</subfield><subfield code="m">Electronic access</subfield><subfield code="s">01</subfield></datafield><datafield ind1=" " ind2=" " tag="999"><subfield code="i">NNU_002823546</subfield><subfield code="s">nyu_aco000387</subfield></datafield></record>